@inproceedings{harabagiu2005employing,
    title={Employing Two Question Answering Systems in {TREC}-2005},
    author={Harabagiu, Sanda M and Moldovan, Dan I and Clark, Christine and Bowden, Mitchell and Hickl, Andrew and Wang, Patrick},
    booktitle={{TREC}},
    year={2005}
    }

@article{lin2007exploration,
    title={An exploration of the principles underlying redundancy-based factoid question answering},
    author={Lin, Jimmy},
    journal={{ACM} Transactions on Information Systems ({TOIS})},
    volume={25},
    number={2},
    pages={6},
    year={2007},
    publisher={{ACM}}
    }

@article{hirschman2001natural,
    title={Natural language question answering: The view from here},
    author={Hirschman, Lynette and Gaizauskas, Robert},
    journal={Natural Language Engineering},
    volume={7},
    number={4},
    pages={275--300},
    year={2001},
    publisher={Cambridge Univ Press}
    }
    
@inproceedings{lin1998automatic,
  title={Automatic retrieval and clustering of similar words},
  author={Lin, Dekang},
  booktitle={Proceedings of the 17th international conference on Computational linguistics-Volume 2},
  pages={768--774},
  year={1998},
  organization={Association for Computational Linguistics}
}

@inproceedings{Loper:2002:NNL:1118108.1118117,
 author = {Loper, Edward and Bird, Steven},
 title = {{NLTK}: The Natural Language Toolkit},
 booktitle = {Proceedings of the ACL-02 Workshop on Effective Tools and Methodologies for Teaching Natural Language Processing and Computational Linguistics - Volume 1},
 series = {ETMTNLP '02},
 year = {2002},
 location = {Philadelphia, Pennsylvania},
 pages = {63--70},
 numpages = {8},
 url = {http://dx.doi.org/10.3115/1118108.1118117},
 doi = {10.3115/1118108.1118117},
 acmid = {1118117},
 publisher = {Association for Computational Linguistics},
 address = {Stroudsburg, PA, USA},
} 

