@inproceedings{harabagiu2005employing,
    title={Employing Two Question Answering Systems in TREC-2005},
    author={Harabagiu, Sanda M and Moldovan, Dan I and Clark, Christine and Bowden, Mitchell and Hickl, Andrew and Wang, Patrick},
    booktitle={TREC},
    year={2005}
    }

@article{lin2007exploration,
    title={An exploration of the principles underlying redundancy-based factoid question answering},
    author={Lin, Jimmy},
    journal={ACM Transactions on Information Systems (TOIS)},
    volume={25},
    number={2},
    pages={6},
    year={2007},
    publisher={ACM}
    }

@article{hirschman2001natural,
    title={Natural language question answering: The view from here},
    author={Hirschman, Lynette and Gaizauskas, Robert},
    journal={Natural Language Engineering},
    volume={7},
    number={4},
    pages={275--300},
    year={2001},
    publisher={Cambridge Univ Press}
    }
